<?xml version="1.0" encoding="UTF-8"?><collection xmlns="http://www.loc.gov/MARC21/slim"><record><leader>00378nam--2200133-i-4500</leader><controlfield tag="001">000037930</controlfield><controlfield tag="002">20161230</controlfield><controlfield tag="005">20161230201041</controlfield><controlfield tag="008">060222s1000------------r-----000-0-eng-d</controlfield><datafield ind1=" " ind2=" " tag="080"><subfield code="a">614.876(083.13)</subfield></datafield><datafield ind1=" " ind2=" " tag="100"><subfield code="a">Radu,Rodica</subfield></datafield><datafield ind1=" " ind2=" " tag="245"><subfield code="a">Indrumator de radioprotectie (pentru lucrari cu surse de radiatii inchise si deschise)</subfield></datafield><datafield ind1=" " ind2=" " tag="260"><subfield code="a">Bucuresti, Ifin, 1980. 63 P</subfield></datafield><datafield ind1=" " ind2=" " tag="852"><subfield code="a">49434</subfield></datafield></record></collection>